@article{mrx05, 
auTHor = "Mr. X", 
Title = {Something Great}, 
publisher = "nob" # "ody", 
YEAR = 2005, 
} 
@article{ISTfGC, 
auTHor = "Crandall et al.", 
Title = {Inferring social ties from geographic coincidences}, 
publisher = "nob" # "ody", 
YEAR = 2010, 
} 


@article{human_mob_through_assi, 
auTHor = "Beir√≥ et al.", 
Title = {Predicting human mobility through the assimilation of social media traces into mobility models}, 
publisher = "nob" # "ody", 
YEAR = 2016, 
} 





